<?xml version="1.0" encoding="UTF-8"?><collection><record><leader>07204ntm a2200589 a 4500</leader><controlfield tag="001">006834424</controlfield><controlfield tag="003">MiAaHDL</controlfield><controlfield tag="005">20190719000000.0</controlfield><controlfield tag="006">m        d        </controlfield><controlfield tag="007">cr bn ---auaua</controlfield><controlfield tag="008">090706q17571758xx            00| ||ara d</controlfield><datafield tag="035" ind1=" " ind2=" "><subfield code="a">(MiU)006834424</subfield></datafield><datafield tag="035" ind1=" " ind2=" "><subfield code="a">sdr-miu006834424</subfield></datafield><datafield tag="040" ind1=" " ind2=" "><subfield code="a">MiU</subfield><subfield code="c">MiU</subfield><subfield code="e">amremm</subfield></datafield><datafield tag="043" ind1=" " ind2=" "><subfield code="a">n-us-mi</subfield></datafield><datafield tag="100" ind1="1" ind2=" "><subfield code="6">880-01</subfield><subfield code="a">Shanawānī, Abū Bakr ibn Ismāʻīl,</subfield><subfield code="d">1551 or 1552-1610 or 1611.</subfield></datafield><datafield tag="245" ind1="1" ind2="0"><subfield code="6">880-03</subfield><subfield code="a">Hidāyat dhawī al-albāb ilá Muwaṣṣil al-ṭullāb ilá Qawāʻid al-iʻrāb,</subfield><subfield code="f">[1171, i.e. 1757 or 1758].</subfield></datafield><datafield tag="246" ind1="3" ind2=" "><subfield code="i">Edge title (head):</subfield><subfield code="a">شنواني على قواعد العراب</subfield></datafield><datafield tag="260" ind1=" " ind2=" "><subfield code="c">[1757 or 1758].</subfield></datafield><datafield tag="300" ind1=" " ind2=" "><subfield code="a">131 leaves :</subfield><subfield code="b">paper ;</subfield><subfield code="c">216 x 135 (155 x 75) mm.</subfield></datafield><datafield tag="500" ind1=" " ind2=" "><subfield code="a">Shelfmark: Ann Arbor, University of Michigan, Special Collections Library, Isl. Ms. 1025</subfield></datafield><datafield tag="500" ind1=" " ind2=" "><subfield code="a">Origin: As appears in colophon on p.263, copied by Mullā Ḥusayn ibn Mullā ʻAlī al-ʻUshārī al-Baghdādī al-Shāfiʻī al-Ashaʻrī (d.1785?) with transcription completed in the latter part of Rabīʻ II 1171 [January 1758].</subfield></datafield><datafield tag="500" ind1=" " ind2=" "><subfield code="a">Former shelfmark: Mich. Isl. Ms. temp. no. 174</subfield></datafield><datafield tag="500" ind1=" " ind2=" "><subfield code="a">Binding: Pasteboards (thin) covered in dark brown leather ; Type III binding (without flap) ; lower board lining in yellow tinted paper ; sewn in cream thread, two stations ; worked chevron endbands in yellow and pink, good condition ; overall in poor condition with upper cover entirely lost, much abrasion and losses of leather and board from lower cover, etc. ; spine repair (rebacked) in brown leather.</subfield></datafield><datafield tag="500" ind1=" " ind2=" "><subfield code="a">Support: European laid paper of a few types ; one type with 12 laid lines per cm. (vertical), chain lines spaced 25-27 mm. apart (horizontal), and watermark of double-headed eagle with heart at chest (see p.16, 18, 72, 106, 242, etc.) ; another type with 12 laid lines per cm. (vertical), chain lines spaced 23-24 mm. apart (horizontal), and watermark of grapes (raisin) with cartouche and crown above (see p.52-53, 190, etc.) ; final quire in a type with 6-7 laid lines per cm. (vertical), chain lines spaced 27 mm. apart (horizontal), and three crescents watermark (92 mm. long, perpendicular to chains, see p.248) ; a couple of name watermarks appear also, difficult to read, one possibly with "DAUPHINE" (see p.12, 20, 92-93, etc.) ; all sturdy and well-burnished ; flyleaves also in a three crescents watermarked paper (roughly 82 mm. long, perpendicular to chains, see back flyleaf).</subfield></datafield><datafield tag="500" ind1=" " ind2=" "><subfield code="a">Decoration: Keywords and abbreviation symbols (mainly two-teeth stroke overlining some keywords) rubricated ; textual dividers in the form of red inverted commas.</subfield></datafield><datafield tag="500" ind1=" " ind2=" "><subfield code="a">Script: Naskh ; elegant, compact Iraqi hand ; partially but irregularly seriffed with right-sloping tear-drop head-serif on occasional free-standing alif, lām, ṭāʼ, etc., effect of tilt to the left, curvilinear descenders, many open counters, words spaced very closely with many even touching by means of rising tail on a final descender, etc., pointing (two and three dots) in strokes or conjoined dots, final yāʼ usually unpointed.</subfield></datafield><datafield tag="500" ind1=" " ind2=" "><subfield code="a">Layout: Written in 27 lines per page ; frame-ruled.</subfield></datafield><datafield tag="500" ind1=" " ind2=" "><subfield code="a">Collation: i, 12 V(120), V+1 (131),i ; exclusively quinions ; catchwords present ; pagination in pencil, Western numerals, supplied during digitization (includes flyleaves).</subfield></datafield><datafield tag="500" ind1=" " ind2=" "><subfield code="a">Colophon: "Scribal," triangular, reads "قد فرغت من كتابة هذه الحاشية المباركة الميمونة ظهر يوم الاثنين من اواخر ربيع الثاني سنة ١١٧١ وانا العبد الفقير الى الله تعالى ملا حسين بن ملا علي العشاري قبيلة البغدادي وطنا الشافعي مذهبا الاشعري عقيدة رحمه الله تعالى امين"</subfield></datafield><datafield tag="500" ind1=" " ind2=" "><subfield code="a">Explicit: "وانما ثبتت بالقياس على الال و في هذا القدر كفاية لمن تأمله بالدراية ... والحمد لله الذي هدانا لهذا وما كنا لنهتدي لو لا ان هدينا الله وصلى الله على سيدنا محمد وعلى ال سيدنا محمد ... ورضا نفسك امين"</subfield></datafield><datafield tag="500" ind1=" " ind2=" "><subfield code="a">Incipit: "الحمد لله المنعم بالهام الحمد لعبيده حمدا موافيا لنعمه ومدافعا لنقمه ... وبعد فيقول العبد الفقير الى مولاه الغني به عما سواه ... ابو بكر بن اسمعيل الشنواني ... هذه حواست [حواش] وضعتها على موصل الطلاب الى قواعد الاعراب للعلامة الشيخ خالد الازهري الشهير بالوقاد ... سميته هداية ذوي الالباب الى موصل الطلاب الى قواعد الاعراب ..."</subfield></datafield><datafield tag="500" ind1=" " ind2=" "><subfield code="a">Title from opening matter on p.4.</subfield></datafield><datafield tag="500" ind1=" " ind2=" "><subfield code="a">Ms. codex.</subfield></datafield><datafield tag="510" ind1="4" ind2=" "><subfield code="a">Bauer, Thomas. "al-Azharī, Khālid b. ʿAbdallāh." In EI3,</subfield><subfield code="c">accessed via Brill Online.</subfield></datafield><datafield tag="510" ind1="4" ind2=" "><subfield code="a">Brockelmann, C. GAL,</subfield><subfield code="c">S II 22-3</subfield></datafield><datafield tag="510" ind1="4" ind2=" "><subfield code="a">Brockelmann, C. GAL,</subfield><subfield code="c">II 24 ; 27</subfield></datafield><datafield tag="520" ind1="8" ind2=" "><subfield code="a">Fine copy of the gloss by Abū Bakr ibn Ismāʻīl al-Shanawānī (d.1610 or 11) on the commentary by Zayn al-Dīn Khālid ibn ʻAbd Allāh al-Waqqād al-Azharī (d.1499) on Ibn Hishām's (d.1360) popular grammatical textbook, Qawāʻid al-iʻrāb.</subfield></datafield><datafield tag="538" ind1=" " ind2=" "><subfield code="a">Mode of access: Internet.</subfield></datafield><datafield tag="541" ind1=" " ind2=" "><subfield code="c">Purchase ;</subfield><subfield code="a">Purchased in Egypt by Mr. Sulaiman ;</subfield><subfield code="d">Received: 1968 ;</subfield><subfield code="e">(Sulaiman 690713-156)</subfield></datafield><datafield tag="546" ind1=" " ind2=" "><subfield code="a">Arabic.</subfield></datafield><datafield tag="561" ind1=" " ind2=" "><subfield code="a">Waqf statement possibly dated 1213 [?] [1798 or 9 ?] in name of Katkhudā-yi Baghdād Aḥmad Pāshā (كتخداى بغداد احمد پاشا / Kethüda-yi Bağdad Ahmet Paşa) with oval seal impression on 'title page' now obscured by bifolium affixed to it and verso of front flyleaf (pp.2-3) ; collation statement at close on p.263 indicating that the copy was collated by the copyist "بلغ مقابلة وتصحيحا حسب الطاقة على يد كاتبه المذكور غفر الله ذنوبه وستر عيوبه امين" ; UM Library inscription on verso of final leaf (p.264) "Spec. Coll. Lib. 690713-156 Suleiman 1968" ; marginal corrections in hand of copyist / collator.</subfield></datafield><datafield tag="600" ind1="1" ind2="0"><subfield code="a">Azharī, Khālid ibn ʻAbd Allāh,</subfield><subfield code="d">d. 1499.</subfield><subfield code="t">Muwaṣṣil al-ṭullāb ilá Qawāʻid al-iʻrāb.</subfield></datafield><datafield tag="650" ind1=" " ind2="0"><subfield code="a">Manuscripts, Arabic</subfield><subfield code="z">Michigan</subfield><subfield code="z">Ann Arbor.</subfield></datafield><datafield tag="650" ind1=" " ind2="0"><subfield code="a">Arabic language</subfield><subfield code="x">Grammar</subfield><subfield code="v">Early works to 1800.</subfield></datafield><datafield tag="650" ind1=" " ind2="0"><subfield code="a">Arabic language</subfield><subfield code="x">Declension</subfield><subfield code="v">Early works to 1800.</subfield></datafield><datafield tag="650" ind1=" " ind2="0"><subfield code="a">Arabic language</subfield><subfield code="x">Inflection</subfield><subfield code="v">Early works to 1800.</subfield></datafield><datafield tag="700" ind1="0" ind2=" "><subfield code="6">880-07</subfield><subfield code="a">Mullā Ḥusayn ibn Mullā ʻAlī al-ʻUshārī al-Baghdādī,</subfield><subfield code="d">fl. 1758,</subfield><subfield code="e">scribe,</subfield><subfield code="e">collator.</subfield></datafield><datafield tag="773" ind1="0" ind2=" "><subfield code="a">Sulaiman Purchase Collection.</subfield></datafield><datafield tag="880" ind1="0" ind2=" "><subfield code="6">700-07/</subfield><subfield code="a">ملا حسين بن ملا علي العشاري البغدادي,</subfield><subfield code="e">ناسخ,</subfield><subfield code="e">مقابل.</subfield></datafield><datafield tag="880" ind1="1" ind2="0"><subfield code="6">245-03/</subfield><subfield code="a">هداية ذوي الالباب الى موصل الطلاب الى قواعد الاعراب,</subfield><subfield code="f">[1171ه, 1757 او 1758م].</subfield></datafield><datafield tag="880" ind1="1" ind2=" "><subfield code="6">100-01/</subfield><subfield code="a">شنواني، ابو بكر بن اسماعيل.</subfield></datafield><datafield tag="CID" ind1=" " ind2=" "><subfield code="a">006834424</subfield></datafield><datafield tag="DAT" ind1="0" ind2=" "><subfield code="a">20190719102641.0</subfield><subfield code="b">20190719000000.0</subfield></datafield><datafield tag="DAT" ind1="1" ind2=" "><subfield code="a">20190719090653.0</subfield><subfield code="b">2019-07-19T16:12:31Z</subfield></datafield><datafield tag="DAT" ind1="2" ind2=" "><subfield code="a">2015-10-02T18:00:03Z</subfield></datafield><datafield tag="CAT" ind1=" " ind2=" "><subfield code="a">SDR-MIU</subfield><subfield code="d">EX LIBRIS - ALEPH</subfield><subfield code="l">prepare.pl-004-008</subfield></datafield><datafield tag="FMT" ind1=" " ind2=" "><subfield code="a">BK</subfield></datafield><datafield tag="HOL" ind1=" " ind2=" "><subfield code="0">sdr-miu006834424</subfield><subfield code="a">MiU</subfield><subfield code="b">SDR</subfield><subfield code="c">MIU</subfield><subfield code="p">mdp.39015079132125</subfield><subfield code="s">MIU</subfield><subfield code="1">006834424</subfield></datafield><datafield tag="974" ind1=" " ind2=" "><subfield code="b">MIU</subfield><subfield code="c">MIU</subfield><subfield code="d">20190719</subfield><subfield code="s">lit-dlps-dc</subfield><subfield code="u">mdp.39015079132125</subfield><subfield code="y">1758</subfield><subfield code="r">pd</subfield><subfield code="q">bib</subfield><subfield code="t">non-US bib date2 &lt; 1879</subfield></datafield></record></collection>